%%%%%%%%%%%%%%%%%%%%%%%%%%%%%%%%%%%%%%%%%%%%%%%%%%%%%%%%%%%%%%%
% I. Introduction
@inproceedings{choy2004interactive,
  title        = {An interactive learning environment for teaching and learning of computer programming},
  author       = {Choy, Sheung-On and Ng, Sin-Chun},
  booktitle    = {IEEE International Conference on Advanced Learning Technologies, 2004. Proceedings.},
  pages        = {848--849},
  year         = {2004},
  organization = {IEEE}
}
@article{keengwe2010towards,
  title   = {Towards best practices in online learning and teaching in higher education},
  author  = {Keengwe, Jared and Kidd, Terry T},
  journal = {MERLOT Journal of Online Learning and Teaching},
  volume  = {6},
  number  = {2},
  pages   = {533--541},
  year    = {2010}
}
@inbook{psotka2012ile,
  author    = {Psotka, Joseph},
  title     = {Seel, Norbert M.},
  publisher = {Springer US},
  address   = {Boston, MA},
  year      = {2012},
  pages     = {1604--1606}
}
@article{mayer1981psychology,
  title     = {The psychology of how novices learn computer programming},
  author    = {Mayer, Richard E},
  journal   = {ACM Computing Surveys (CSUR)},
  volume    = {13},
  number    = {1},
  pages     = {121--141},
  year      = {1981},
  publisher = {ACM New York, NY, USA}
}
@article{moons2013pilot,
  title     = {The design and pilot evaluation of an interactive learning environment for introductory programming influenced by cognitive load theory and constructivism},
  author    = {Moons, Jan and De Backer, Carlos},
  journal   = {Computers \& Education},
  volume    = {60},
  number    = {1},
  pages     = {368--384},
  year      = {2013},
  publisher = {Elsevier}
}

%%%%%%%%%%%%%%%%%%%%%%%%%%%%%%%%%%%%%%%%%%%%%%%%%%%%%%%%%%%%%%%
% II. Literature Review
@inbook{reeves2012interactive,
  author    = {Reeves, Thomas C.},
  editor    = {Seel, Norbert M.},
  title     = {Interactive Learning},
  booktitle = {Encyclopedia of the Sciences of Learning},
  year      = {2012},
  publisher = {Springer US},
  address   = {Boston, MA},
  pages     = {1602--1604}
}
@online{codingame2021media,
  title   = {CodinGame},
  author  = {CodinGame},
  year    = {2021},
  url     = {https://www.codingame.com},
  urldate = {2021-10-22}
}
@online{sololearn2021media,
  title   = {Sololearn: Learn to Code},
  author  = {Sololearn},
  year    = {2021},
  url     = {https://www.sololearn.com},
  urldate = {2021-10-22}
}
@online{brilliant2021media,
  title   = {Brilliant: Learn Interactively},
  author  = {Brilliant},
  year    = {2021},
  url     = {https://brilliant.org},
  urldate = {2021-10-22}
}
@online{katacoda2021media,
  title   = {Katacoda},
  author  = {Oâ€™Reilly Media, Inc.},
  year    = {2021},
  url     = {https://www.katacoda.com/},
  urldate = {2021-11-19}
}
@online{codesaya2021media,
  title   = {CodeSaya},
  author  = {Ganis},
  year    = {2021},
  url     = {https://codesaya.com/},
  urldate = {2021-11-21}
}
@online{froggy2021media,
  title   = {Flexbox Froggy},
  author  = {Codepip},
  year    = {2021},
  url     = {https://flexboxfroggy.com/},
  urldate = {2021-10-15}
}
@online{progate2021media,
  title   = {Progate},
  author  = {Progate, inc.},
  year    = {2021},
  url     = {https://progate.com/},
  urldate = {2021-11-18}
}
@inproceedings{tran2013interactive,
  title        = {An interactive Web-based IDE towards teaching and learning in programming courses},
  author       = {Tran, Hai T and Dang, Hai H and Do, Kha N and Tran, Thu D and Nguyen, Vu},
  booktitle    = {Proceedings of 2013 IEEE International Conference on Teaching, Assessment and Learning for Engineering (TALE)},
  pages        = {439--444},
  year         = {2013},
  organization = {IEEE}
}