%%%%%%%%%%%%%%%%%% BAB 2 %%%%%%%%%%%%%%%%%%
%%% II.1. Pembelajaran
@book{gagne1970learning,
  title     = {The Conditions of Learning},
  author    = {Robert M. Gagné},
  edition   = {2},
  isbn      = {9780030803307},
  year      = {1970},
  publisher = {Holt,Rinehart \& Winston of Canada Ltd}
}
@book{gagne1985learning,
  title     = {The Conditions of Learning and Theory of Instruction},
  author    = {Robert M. Gagné},
  edition   = {4},
  isbn      = {9780030636882},
  year      = {1985},
  publisher = {Holt,Rinehart \& Winston of Canada Ltd}
}
@book{slavin2017learn,
  title     = {Educational Psychology: Theory and Practice},
  author    = {Robert E. Slavin},
  edition   = {12},
  isbn      = {9780134524054},
  year      = {2017},
  publisher = {Pearson}
}

%%% II.2. Pemrograman
@inproceedings{blackwell2002programming,
  title        = {What is programming?},
  author       = {Blackwell, Alan F},
  booktitle    = {PPIG},
  pages        = {20},
  year         = {2002},
  organization = {Citeseer}
}
@book{mccracken1957digital,
  title     = {Digital Computer Programming},
  author    = {McCracken, D.D.},
  isbn      = {9780471582458},
  lccn      = {57008891},
  series    = {General Electric series : written for the advancement of engineering practice},
  url       = {https://books.google.co.id/books?id=NyA1AAAAIAAJ},
  year      = {1957},
  publisher = {Wiley}
}
@book{booth1958programming,
  title     = {Programming for an Automatic Digital Calculator},
  author    = {Booth, Kathleen H.V.},
  url       = {http://www.worldcat.org/oclc/1464048},
  year      = {1958},
  publisher = {Butterworths Scientific Publications}
}
@book{hartree2012calculating,
  title     = {Calculating instruments and machines},
  author    = {Hartree, Douglas R},
  year      = {1950},
  isbn      = {9781107630659},
  publisher = {Cambridge University Press}
}
@book{hoc1990psychology,
  title     = {Psychology of Programming},
  author    = {Hoc, J.M. and European Association of Cognitive Ergonomics and Green, T. and Samurcay, R.},
  isbn      = {9780123507723},
  series    = {Computers and People Series Visual Studies},
  url       = {https://books.google.co.id/books?id=57wgAQAAIAAJ},
  year      = {1990},
  publisher = {Academic Press}
}
@article{goodell1999enduser,
  author     = {Goodell, Howie and Kuhn, Sarah and Maulsby, David and Traynor, Carol},
  title      = {End User Programming/Informal Programming},
  year       = {1999},
  issue_date = {Oct. 1999},
  publisher  = {Association for Computing Machinery},
  address    = {New York, NY, USA},
  volume     = {31},
  number     = {4},
  issn       = {0736-6906},
  url        = {https://doi.org/10.1145/339290.339294},
  doi        = {10.1145/339290.339294},
  journal    = {SIGCHI Bull.},
  month      = oct,
  pages      = {17–21},
  numpages   = {5},
  keywords   = {natural programming, XML, informal programming, learning programming, programming by example (PBE), Artifical Intelligence (AI), end user programming (EUP), programming by demonstration (PBD), end user, domain-specific programming languages, agents, teaching programming, software user communities, participatory design (PD), open source}
}
@article{thomas2000student,
  title     = {How student learn to program: Observation of practical work based on tasks completed},
  author    = {Thomas, PG and Paine, CB},
  journal   = {Research Report, Department of Computing},
  year      = {2000},
  publisher = {Citeseer}
}
@article{moons2013pilot,
  title     = {The design and pilot evaluation of an interactive learning environment for introductory programming influenced by cognitive load theory and constructivism},
  author    = {Moons, Jan and De Backer, Carlos},
  journal   = {Computers \& Education},
  volume    = {60},
  number    = {1},
  pages     = {368--384},
  year      = {2013},
  publisher = {Elsevier}
}
@article{mayer1981psychology,
  title     = {The psychology of how novices learn computer programming},
  author    = {Mayer, Richard E},
  journal   = {ACM Computing Surveys (CSUR)},
  volume    = {13},
  number    = {1},
  pages     = {121--141},
  year      = {1981},
  publisher = {ACM New York, NY, USA}
}
@article{thomas2002learning,
  title     = {Learning styles and performance in the introductory programming sequence},
  author    = {Thomas, Lynda and Ratcliffe, Mark and Woodbury, John and Jarman, Emma},
  journal   = {ACM SIGCSE Bulletin},
  volume    = {34},
  number    = {1},
  pages     = {33--37},
  year      = {2002},
  publisher = {ACM New York, NY, USA}
}

%%% II.3 Pembelajaran Pemrograman secara Daring
@inproceedings{urdan2000elearning,
  title     = {Corporate elearning: exploring a new frontier},
  author    = {Trace A. Urdan and Cornelia C. Weggen},
  year      = {2000},
  month     = mar,
  publisher = {WR Hambrecht + Co}
}
@article{herrington2005online,
  title     = {Online learning as information delivery: Digital myopia},
  author    = {Herrington, Jan and Reeves, Thomas C and Oliver, Ron},
  journal   = {Journal of Interactive Learning Research},
  volume    = {16},
  number    = {4},
  pages     = {353--367},
  year      = {2005},
  publisher = {Association for the Advancement of Computing in Education (AACE)}
}
@article{mortera2006faculty,
  title     = {Faculty best practices using blended learning in e-learning and face-to-face instruction},
  author    = {Mortera-Guti{\'e}rrez, Fernando},
  journal   = {International Journal on E-learning},
  volume    = {5},
  number    = {3},
  pages     = {313--337},
  year      = {2006},
  publisher = {Association for the Advancement of Computing in Education (AACE)}
}
@inproceedings{nicholson2005elearning,
  title        = {Elearning: 40 years of evolution?},
  author       = {Nicholson, Paul and McDougall, A},
  booktitle    = {WCCE 2005: 8th IFIP World Conference on Computers in Education: 40 years of computers in education: what works?},
  pages        = {1--6},
  year         = {2005},
  organization = {Emerald}
}
@article{pilla2006characterising,
  title   = {Characterising E-learning practices},
  author  = {Pilla, BS and Nakayama, MK and Nicholson, P},
  journal = {Proceedings of WCC2002, Santiago},
  year    = {2006}
}
@article{keengwe2010towards,
  title   = {Towards best practices in online learning and teaching in higher education},
  author  = {Keengwe, Jared and Kidd, Terry T},
  journal = {MERLOT Journal of Online Learning and Teaching},
  volume  = {6},
  number  = {2},
  pages   = {533--541},
  year    = {2010}
}
@article{radovic2010advantages,
  title   = {Advantages and disadvantages of e-learning in comparison to traditional forms of learning},
  author  = {Radovi{\'c}-Markovi{\'c}, Mirjana and others},
  journal = {Annals of the University of Petro{\c{s}}ani, Economics},
  volume  = {10},
  number  = {2},
  pages   = {289--298},
  year    = {2010}
}
@inproceedings{choy2004interactive,
  title        = {An interactive learning environment for teaching and learning of computer programming},
  author       = {Choy, Sheung-On and Ng, Sin-Chun},
  booktitle    = {IEEE International Conference on Advanced Learning Technologies, 2004. Proceedings.},
  pages        = {848--849},
  year         = {2004},
  organization = {IEEE}
}
@inproceedings{tran2013interactive,
  title        = {An interactive Web-based IDE towards teaching and learning in programming courses},
  author       = {Tran, Hai T and Dang, Hai H and Do, Kha N and Tran, Thu D and Nguyen, Vu},
  booktitle    = {Proceedings of 2013 IEEE International Conference on Teaching, Assessment and Learning for Engineering (TALE)},
  pages        = {439--444},
  year         = {2013},
  organization = {IEEE}
}
@inbook{reeves2012interactive,
  author    = {Reeves, Thomas C.},
  editor    = {Seel, Norbert M.},
  title     = {Interactive Learning},
  booktitle = {Encyclopedia of the Sciences of Learning},
  year      = {2012},
  publisher = {Springer US},
  address   = {Boston, MA},
  pages     = {1602--1604},
  isbn      = {978-1-4419-1428-6},
  doi       = {10.1007/978-1-4419-1428-6_330},
  url       = {https://doi.org/10.1007/978-1-4419-1428-6_330}
}
@inbook{psotka2012ile,
  author    = {Psotka, Joseph},
  editor    = {Seel, Norbert M.},
  title     = {Interactive Learning Environments},
  booktitle = {Encyclopedia of the Sciences of Learning},
  year      = {2012},
  publisher = {Springer US},
  address   = {Boston, MA},
  pages     = {1604--1606},
  isbn      = {978-1-4419-1428-6},
  doi       = {10.1007/978-1-4419-1428-6_321},
  url       = {https://doi.org/10.1007/978-1-4419-1428-6_321}
}
@online{codingame2021media,
  title   = {CodinGame},
  author  = {CodinGame},
  year    = {2021},
  url     = {https://www.codingame.com},
  urldate = {2021-10-22}
}
@online{sololearn2021media,
  title   = {Sololearn: Learn to Code},
  author  = {Sololearn},
  year    = {2021},
  url     = {https://www.sololearn.com},
  urldate = {2021-10-22}
}
@online{brilliant2021media,
  title   = {Brilliant: Learn Interactively},
  author  = {Brilliant},
  year    = {2021},
  url     = {https://brilliant.org},
  urldate = {2021-10-22}
}
@online{katacoda2021media,
  title   = {Katacoda},
  author  = {O’Reilly Media, Inc.},
  year    = {2021},
  url     = {https://www.katacoda.com/},
  urldate = {2021-11-19}
}
@online{codesaya2021media,
  title   = {CodeSaya},
  author  = {Ganis},
  year    = {2021},
  url     = {https://codesaya.com/},
  urldate = {2021-11-21}
}
@online{froggy2021media,
  title   = {Flexbox Froggy},
  author  = {Codepip},
  year    = {2021},
  url     = {https://flexboxfroggy.com/},
  urldate = {2021-10-15}
}
@online{progate2021media,
  title   = {Progate},
  author  = {Progate, inc.},
  year    = {2021},
  url     = {https://progate.com/},
  urldate = {2021-11-18}
}
@online{olympia2021autograder,
  title   = {Olympia},
  author  = {GDP Labs},
  year    = {2021},
  url     = {https://olympia.id/},
  urldate = {2021-12-27}
}
@inproceedings{bailey2019uassign,
  title     = {uAssign: Scalable interactive activities for teaching the Unix terminal},
  author    = {Bailey, Jacob and Zilles, Craig},
  booktitle = {Proceedings of the 50th ACM Technical Symposium on Computer Science Education},
  pages     = {70--76},
  year      = {2019}
}
@inproceedings{guo2013pythontutor,
  author    = {Guo, Philip J.},
  title     = {Online Python Tutor: Embeddable Web-Based Program Visualization for Cs Education},
  year      = {2013},
  isbn      = {9781450318686},
  publisher = {Association for Computing Machinery},
  address   = {New York, NY, USA},
  url       = {https://doi.org/10.1145/2445196.2445368},
  doi       = {10.1145/2445196.2445368},
  booktitle = {Proceeding of the 44th ACM Technical Symposium on Computer Science Education},
  pages     = {579–584},
  numpages  = {6},
  keywords  = {program visualization, python, CS1},
  location  = {Denver, Colorado, USA},
  series    = {SIGCSE '13}
}

% Others
@inproceedings{damopolii2020effectiveness,
  title        = {The effectiveness of Inquiry-based learning to train students' thinking skill based on SOLO taxonomy},
  author       = {Damopolii, Insar and Nunaki, Jan Hendrik and Nusantari, Elya and Kandowangko, NY},
  booktitle    = {Journal of Physics: Conference Series},
  volume       = {1567},
  number       = {4},
  pages        = {042025},
  year         = {2020},
  organization = {IOP Publishing}
}
@book{woolfolk2016educational,
  title     = {Educational Psychology},
  author    = {Woolfolk},
  year      = {2016},
  publisher = {Pearson}
}
@book{biggs2014evaluating,
  title     = {Evaluating the quality of learning: The SOLO taxonomy (Structure of the Observed Learning Outcome)},
  author    = {Biggs, John B and Collis, Kevin F},
  year      = {2014},
  publisher = {Academic Press}
}
@online{pdb2022documentation,
  title   = {pdb — The Python Debugger},
  author  = {Python},
  year    = {2022},
  url     = {https://docs.python.org/3/library/pdb.html},
  urldate = {2022-06-24}
}